@article{PIFER2015,
   title = {{A teoria anal\~A\-tica do calor de Joseph Fourier: uma an\~A!`lise das bases conceituais e epistemol\~A\textthreesuperiorgicas}},
   journal = {{Revista Brasileira de Ensino de F\~A\-sica}},
   author={Pifer, Anderson AND Aurani, Katya Margareth},
   ISSN = {1806-1117},
   language = {pt},
   URL = {http://www.scielo.br/scielo.php?script=sci_arttext&pid=S1806-11172015000101603&nrm=iso},
   volume = {37},
   year = {2015},
   month = {03},
   pages = {1603 - },
   publisher = {scielo},
   crossref = {10.1590/S1806-11173711681},
   }