@article{DOMINGUES2016,
   title = {{Explorando a transformada wavelet cont\~A\-nua}},
   journal = {{Revista Brasileira de Ensino de F\~A\-sica}},
   author={Domingues, M.O. AND Mendes, O. AND Kaibara, M.K. AND Menconi, V.E. AND Bernardes, E.},
   ISSN = {1806-1117},
   language = {pt},
   URL = {http://www.scielo.br/scielo.php?script=sci_arttext&pid=S1806-11172016000300416&nrm=iso},
   volume = {38},
   year = {2016},
   month = {00},
   publisher = {scielo},
   crossref = {10.1590/1806-9126-RBEF-2016-0019},
   }