@inproceedings{FerreiraProgramaoDE,
  title={Programaç{\~a}o de Express{\~a}o Gen{\'e}tica : um Novo Algoritmo Adapt{\'a}vel para Resolver Problemas C{\^a}ndida},
  author={C. Ferreira}
}